@article{DictionaryofStatistics,
author = {Draper, Norman R.},
title = {The Cambridge Dictionary of Statistics, Fourth Edition by B. S. Everitt, A. Skrondal},
journal = {International Statistical Review},

volume = {79},
number = {2},
pages = {273-274},
doi = {10.1111/j.1751-5823.2011.00149\_2.x},
url = {https://onlinelibrary.wiley.com/doi/abs/10.1111/j.1751-5823.2011.00149\_2.x},
eprint = {https://onlinelibrary.wiley.com/doi/pdf/10.1111/j.1751-5823.2011.00149\_2.x},
year = {2011}
}

@article{johnson2013revised,
	title={Revised standards for statistical evidence},
	author={Johnson, Valen E},
	journal={Proceedings of the National Academy of Sciences},
	volume={110},
	number={48},
	pages={19313--19317},
	year={2013},
	publisher={National Acad Sciences}
}

@book{redmond2001biostatistics,
	title={Biostatistics in clinical trials},
	author={Redmond, Carol K and Colton, Theodore},
	year={2001},
	publisher={John Wiley \& Sons},
	pages={35--36}
}
@book{cumming2013understanding,
	title={Understanding the new statistics: Effect sizes, confidence intervals, and meta-analysis},
	author={Cumming, Geoff},
	pages={27--28},
	year={2013},
	publisher={Routledge}
}
@misc{krzywinski2013points,
	title={Points of significance: Significance, P values and t-tests},
	author={Krzywinski, Martin and Altman, Naomi},
	year={2013},
	publisher={Nature Publishing Group},
	pages={1041--1042},
	volume={10(11)}
}

@book{devore2011probability,
	title={Probability and Statistics for Engineering and the Sciences},
	author={Devore, Jay L},
	year={2011},
	publisher={Cengage learning},
	edition={8th},
	pages={300--344}
}
@article{myers2010developing,
	title={Developing the fundamentals of hypothesis testing using the binomial distribution},
	author={Myers, Jerome L and Well, Arnold D and Lorch, JR},
	journal={Research design and statistical analysis},
	pages={65--90},
	year={2010}
}

@incollection{dalgaard2011,
	title={Introductory Statistics with R},
	author={Peter Dalgaard},
	year={2008},
	chapter={Power and the computation of sample size},
	publisher={Springer},
	pages={155-262}
}

@inproceedings{bakshy2012role,
	title={The role of social networks in information diffusion},
	author={Bakshy, Eytan and Rosenn, Itamar and Marlow, Cameron and Adamic, Lada},
	booktitle={Proceedings of the 21st international conference on World Wide Web},
	pages={519--528},
	year={2012},
	organization={ACM}
}
@inproceedings{agichtein2008finding,
	title={Finding high-quality content in social media},
	author={Agichtein, Eugene and Castillo, Carlos and Donato, Debora and Gionis, Aristides and Mishne, Gilad},
	booktitle={Proceedings of the 2008 international conference on web search and data mining},
	pages={183--194},
	year={2008},
	organization={ACM}
}
@article{doerr2012rumors,
	title={Why rumors spread so quickly in social networks},
	author={Doerr, Benjamin and Fouz, Mahmoud and Friedrich, Tobias},
	journal={Communications of the ACM},
	volume={55},
	number={6},
	pages={70--75},
	year={2012},
	publisher={ACM}
}
@book{milstein2008twitter,
	title={Twitter and the micro-messaging revolution: Communication, connections, and immediacy--140 characters at a time},
	author={Milstein, Sarah and Lorica, Ben and Magoulas, Roger and Hochmuth, Gregor and Chowdhury, Abdur and O'Reilly, Tim},
	year={2008},
	publisher={O'Reilly Media, Incorporated}
}
@article{cheng2009inside,
	title={Inside Twitter: An in-depth look inside the Twitter world},
	author={Cheng, Alex and Evans, Mark and Singh, Harshdeep},
	journal={Report of Sysomos, June, Toronto, Canada},
	year={2009}
}
@inproceedings{weng2010twitterrank,
	title={Twitterrank: finding topic-sensitive influential twitterers},
	author={Weng, Jianshu and Lim, Ee-Peng and Jiang, Jing and He, Qi},
	booktitle={Proceedings of the third ACM international conference on Web search and data mining},
	pages={261--270},
	year={2010},
	organization={ACM}
}

@inproceedings{pal2011identifying,
	title={Identifying topical authorities in microblogs},
	author={Pal, Aditya and Counts, Scott},
	booktitle={Proceedings of the fourth ACM international conference on Web search and data mining},
	pages={45--54},
	year={2011},
	organization={ACM}
}
@article{pastor2002immunization,
	title={Immunization of complex networks},
	author={Pastor-Satorras, Romualdo and Vespignani, Alessandro},
	journal={Physical review E},
	volume={65},
	number={3},
	pages={036104},
	year={2002},
	publisher={APS}
}
@article{PhysRevLett.91.247901,
	title = {Efficient Immunization Strategies for Computer Networks and Populations},
	author = {Cohen, Reuven and Havlin, Shlomo and ben-Avraham, Daniel},
	journal = {Phys. Rev. Lett.},
	volume = {91},
	issue = {24},
	pages = {247901},
	numpages = {4},
	year = {2003},
	month = {Dec},
	publisher = {American Physical Society},
	doi = {10.1103/PhysRevLett.91.247901},
	url = {https://link.aps.org/doi/10.1103/PhysRevLett.91.247901}
}
@article{Leskovec:2007:DVM:1232722.1232727,
	author = {Leskovec, Jure and Adamic, Lada A. and Huberman, Bernardo A.},
	title = {The Dynamics of Viral Marketing},
	journal = {ACM Trans. Web},
	issue_date = {May 2007},
	volume = {1},
	number = {1},
	month = may,
	year = {2007},
	issn = {1559-1131},
	articleno = {5},
	url = {http://doi.acm.org/10.1145/1232722.1232727},
	doi = {10.1145/1232722.1232727},
	acmid = {1232727},
	publisher = {ACM},
	address = {New York, NY, USA},
	keywords = {Viral marketing, e-commerce, long tail, network analysis, recommender systems, word-of-mouth},
} 
@article{lu2012recommender,
	title={Recommender systems},
	author={L{\"u}, Linyuan and Medo, Mat{\'u}{\v{s}} and Yeung, Chi Ho and Zhang, Yi-Cheng and Zhang, Zi-Ke and Zhou, Tao},
	journal={Physics reports},
	volume={519},
	number={1},
	pages={1--49},
	year={2012},
	publisher={Elsevier}
}
@article{chen2013information,
	title={Information and influence propagation in social networks},
	author={Chen, Wei and Lakshmanan, Laks VS and Castillo, Carlos},
	journal={Synthesis Lectures on Data Management},
	volume={5},
	number={4},
	pages={1--177},
	year={2013},
	publisher={Morgan \& Claypool Publishers}
}
@book{Newman:2010:NI:1809753,
	author = {Newman, Mark},
	title = {Networks: An Introduction},
	year = {2010},
	isbn = {0199206651, 9780199206650},
	publisher = {Oxford University Press, Inc.},
	address = {New York, NY, USA},
} 
@article{fortunato2010community,
	title={Community detection in graphs. Phys. Rep},
	author={Fortunato, S},
	year={2010}
}
@article{lu2016vital,
	title={Vital nodes identification in complex networks},
	author={L{\"u}, Linyuan and Chen, Duanbing and Ren, Xiao-Long and Zhang, Qian-Ming and Zhang, Yi-Cheng and Zhou, Tao},
	journal={Physics Reports},
	volume={650},
	pages={1--63},
	year={2016},
	publisher={Elsevier}
}
@book{anderson1992infectious,
	title={Infectious diseases of humans: dynamics and control},
	author={Anderson, Roy M and May, Robert M and Anderson, B},
	volume={28},
	year={1992},
	publisher={Wiley Online Library}
}
@book{heesterbeek2000mathematical,
	title={Mathematical epidemiology of infectious diseases: model building, analysis and interpretation},
	author={Heesterbeek, JAP},
	volume={5},
	year={2000},
	publisher={John Wiley \& Sons}
}

@book{keeling2008modeling,
	title={Modeling infectious diseases in humans and animals},
	author={Keeling, Matt J and Rohani, Pejman},
	year={2008},
	publisher={Princeton University Press}
}
@article{pastor2001epidemic,
	title={Epidemic spreading in scale-free networks},
	author={Pastor-Satorras, Romualdo and Vespignani, Alessandro},
	journal={Physical review letters},
	volume={86},
	number={14},
	pages={3200},
	year={2001},
	publisher={APS}
}

@article{kitsak2010identification,
	title={Identification of influential spreaders in complex networks},
	author={Kitsak, Maksim and Gallos, Lazaros K and Havlin, Shlomo and Liljeros, Fredrik and Muchnik, Lev and Stanley, H Eugene and Makse, Hern{\'a}n A},
	journal={Nature physics},
	volume={6},
	number={11},
	pages={888--893},
	year={2010},
	publisher={Nature Publishing Group}
}
@article{seidman1983network,
	title={Network structure and minimum degree},
	author={Seidman, Stephen B},
	journal={Social networks},
	volume={5},
	number={3},
	pages={269--287},
	year={1983},
	publisher={Elsevier}
}
@article{liu2015improving,
	title={Improving the accuracy of the k-shell method by removing redundant links: From a perspective of spreading dynamics},
	author={Liu, Ying and Tang, Ming and Zhou, Tao and Do, Younghae},
	journal={Scientific reports},
	volume={5},
	pages={13172},
	year={2015},
	publisher={Nature Publishing Group}
}
@article{wang2016fast,
	title={Fast ranking influential nodes in complex networks using a k-shell iteration factor},
	author={Wang, Zhixiao and Zhao, Ya and Xi, Jingke and Du, Changjiang},
	journal={Physica A: Statistical Mechanics and its Applications},
	volume={461},
	pages={171--181},
	year={2016},
	publisher={Elsevier}
}
@article{carmi2007model,
  title={A model of Internet topology using k-shell decomposition},
  author={Carmi, Shai and Havlin, Shlomo and Kirkpatrick, Scott and Shavitt, Yuval and Shir, Eran},
  journal={Proceedings of the National Academy of Sciences},
  volume={104},
  number={27},
  pages={11150--11154},
  year={2007},
  publisher={National Acad Sciences}
}
@inproceedings{cataldi2010emerging,
  title={Emerging topic detection on twitter based on temporal and social terms evaluation},
  author={Cataldi, Mario and Di Caro, Luigi and Schifanella, Claudio},
  booktitle={Proceedings of the Tenth International Workshop on Multimedia Data Mining},
  pages={4},
  year={2010},
  organization={ACM}
}

@article{page1999pagerank,
  title={The PageRank citation ranking: bringing order to the web.},
  author={Page, Lawrence and Brin, Sergey and Motwani, Rajeev and Winograd, Terry},
  year={1999},
  publisher={Stanford InfoLab}
}
@article{lu2011leaders,
  title={Leaders in social networks, the delicious case},
  author={L{\"u}, Linyuan and Zhang, Yi-Cheng and Yeung, Chi Ho and Zhou, Tao},
  journal={PloS one},
  volume={6},
  number={6},
  pages={e21202},
  year={2011},
  publisher={Public Library of Science}
}

@article{li2014identifying,
  title={Identifying influential spreaders by weighted leaderrank},
  author={Li, Qian and Zhou, Tao and L{\"u}, Linyuan and Chen, Duanbing},
  journal={Physica A: Statistical Mechanics and its Applications},
  volume={404},
  pages={47--55},
  year={2014},
  publisher={Elsevier}
}
@inproceedings{romero2011influence,
  title={Influence and passivity in social media},
  author={Romero, Daniel M and Galuba, Wojciech and Asur, Sitaram and Huberman, Bernardo A},
  booktitle={Joint European Conference on Machine Learning and Knowledge Discovery in Databases},
  pages={18--33},
  year={2011},
  organization={Springer}
}
@article{klemm2012measure,
	title={A measure of individual role in collective dynamics},
	author={Klemm, Konstantin and Serrano, M {\'A}ngeles and Egu{\'\i}luz, V{\'\i}ctor M and San Miguel, Maxi},
	journal={Scientific reports},
	volume={2},
	pages={292},
	year={2012},
	publisher={Nature Publishing Group}
}
@article{liu2016locating,
	title={Locating influential nodes via dynamics-sensitive centrality},
	author={Liu, Jian-Guo and Lin, Jian-Hong and Guo, Qiang and Zhou, Tao},
	journal={Scientific reports},
	volume={6},
	pages={21380},
	year={2016},
	publisher={Nature Publishing Group}
}

@article{dorogovtsev2006k,
	title={K-core organization of complex networks},
	author={Dorogovtsev, Sergey N and Goltsev, Alexander V and Mendes, Jose Ferreira F},
	journal={Physical review letters},
	volume={96},
	number={4},
	pages={040601},
	year={2006},
	publisher={APS}
}
@article{sabidussi1966centrality,
	title={The centrality index of a graph},
	author={Sabidussi, Gert},
	journal={Psychometrika},
	volume={31},
	number={4},
	pages={581--603},
	year={1966},
	publisher={Springer}
}
@article{opsahl2010node,
	title={Node centrality in weighted networks: Generalizing degree and shortest paths},
	author={Opsahl, Tore and Agneessens, Filip and Skvoretz, John},
	journal={Social networks},
	volume={32},
	number={3},
	pages={245--251},
	year={2010},
	publisher={Elsevier}
}
@article{freeman1977set,
	title={A set of measures of centrality based on betweenness},
	author={Freeman, Linton C},
	journal={Sociometry},
	pages={35--41},
	year={1977},
	publisher={JSTOR}
}
@article{batagelj2011fast,
	title={Fast algorithms for determining (generalized) core groups in social networks},
	author={Batagelj, Vladimir and Zaver{\v{s}}nik, Matja{\v{z}}},
	journal={Advances in Data Analysis and Classification},
	volume={5},
	number={2},
	pages={129--145},
	year={2011},
	publisher={Springer}
}

@article{montresor2013distributed,
	title={Distributed k-core decomposition},
	author={Montresor, Alberto and De Pellegrini, Francesco and Miorandi, Daniele},
	journal={IEEE Transactions on parallel and distributed systems},
	volume={24},
	number={2},
	pages={288--300},
	year={2013},
	publisher={IEEE}
}
@article{ahajjam2018identification,
	title={Identification of influential spreaders in complex networks using HybridRank algorithm},
	author={Ahajjam, Sara and Badir, Hassan},
	journal={Scientific reports},
	volume={8},
	number={1},
	pages={11932},
	year={2018},
	publisher={Nature Publishing Group}
}
@article{dean2008mapreduce,
	title={MapReduce: simplified data processing on large clusters},
	author={Dean, Jeffrey and Ghemawat, Sanjay},
	journal={Communications of the ACM},
	volume={51},
	number={1},
	pages={107--113},
	year={2008},
	publisher={ACM}
}

@inproceedings{malewicz2010pregel,
	title={Pregel: a system for large-scale graph processing},
	author={Malewicz, Grzegorz and Austern, Matthew H and Bik, Aart JC and Dehnert, James C and Horn, Ilan and Leiser, Naty and Czajkowski, Grzegorz},
	booktitle={Proceedings of the 2010 ACM SIGMOD International Conference on Management of data},
	pages={135--146},
	year={2010},
	organization={ACM}
}
@article{han2014experimental,
	title={An experimental comparison of pregel-like graph processing systems},
	author={Han, Minyang and Daudjee, Khuzaima and Ammar, Khaled and {\"O}zsu, M Tamer and Wang, Xingfang and Jin, Tianqi},
	journal={Proceedings of the VLDB Endowment},
	volume={7},
	number={12},
	pages={1047--1058},
	year={2014},
	publisher={VLDB Endowment}
}
@misc{martella2012apache,
	title={Apache Giraph: Distributed Graph Processing in the Cloud},
	author={Martella, C},
	year={2012},
	publisher={FOSDEM}
}
@book{martella2015practical,
	title={Practical Graph Analytics with Apache Giraph},
	author={Martella, Claudio and Shaposhnik, Roman and Logothetis, Dionysios and Harenberg, Steve},
	year={2015},
	publisher={Springer}
}
@inproceedings{Kwak10www,
	author = {Kwak, Haewoon and Lee, Changhyun and Park, Hosung and Moon, Sue},
	title = "{W}hat is {T}witter, a social network or a news media?",
	booktitle = {WWW '10: Proceedings of the 19th international conference on World wide web},
	year = {2010},
	isbn = {978-1-60558-799-8},
	pages = {591--600},
	location = {Raleigh, North Carolina, USA},
	doi = {http://doi.acm.org/10.1145/1772690.1772751},
	publisher = {ACM},
	address = {New York, NY, USA},
}
@article{Lerman2010,
	title= {Lerman Twitter 2010 Dataset},
	journal= {},
	author= {Kristina Lerman },
	year= {2010},
	license= {This data is made available to the community for research purposes only},
	url= {http://www.isi.edu/~lerman/downloads/twitter/twitter2010.html},
	abstract= {Twitter_2010 data set contains tweets containing URLs that have been posted on Twitter during October 2010. In addition to tweets, we also the followee links of tweeting users, allowing us to reconstruct the follower graph of active (tweeting) users.
	URLs	66,059
	tweets	2,859,764
	users	736,930
	links	36,743,448
	Tweets
	
	Table (in csv format) link_status_search_with_ordering_real_csv contains tweets with the following information
	
	link: URL within the text of the tweet
	id: tweet id
	create_at: date added to the db
	create_at_long
	inreplyto_screen_name: screen name of user this tweet is replying to
	inreplyto_user_id: user id of user this tweet is replying to
	source: device from which the tweet originated
	bad_user_id: alternate user id
	user_screen_name: tweeting user screen name
	order_of_users: tweet's index within sequence of tweets of the same URL
	user_id: user id
	Table (in csv format) distinct_users_from_search_table_real_map contains names of tweeting users, and the following information for each user:
	
	user_id: user id
	user_screen_name: user name
	indegree: number of followers
	outdegree: number of friends/followees
	bad_user_id: alternate user id
	Follower graph
	
	File active_follower_real_sql contains zipped SQL dump of links between tweeting users in the form:
	
	user_id: user id
	follower_id: user id of the follower
	Empirical characterization of this data is described in 
	Kristina Lerman, Rumi Ghosh, Tawan Surachawala (2012) "Social Contagion: An Empirical Study of Information Spread on Digg and Twitter Follower Graphs." This data is made available to the community for research purposes only. If you use the data in a publication, please cite the above paper.},
	keywords= {twitter},
	terms= {}
}
@article{lou2013learning,
	title={Learning to predict reciprocity and triadic closure in social networks},
	author={Lou, Tiancheng and Tang, Jie and Hopcroft, John and Fang, Zhanpeng and Ding, Xiaowen},
	journal={ACM Transactions on Knowledge Discovery from Data (TKDD)},
	volume={7},
	number={2},
	pages={5},
	year={2013},
	publisher={ACM}
}

@inproceedings{hopcroft2011will,
	title={Who will follow you back?: reciprocal relationship prediction},
	author={Hopcroft, John and Lou, Tiancheng and Tang, Jie},
	booktitle={Proceedings of the 20th ACM international conference on Information and knowledge management},
	pages={1137--1146},
	year={2011},
	organization={ACM}
}
@misc{eon,
	author={},
	title = {{Epidemics on Networks}},
	howpublished = "\url{https://epidemicsonnetworks.readthedocs.io/en/latest/index.html}",
	note = "[Online; accessed 07-December-2019]"
}
@misc{networkx,
	author={Hagberg, Aric and Swart, Pieter and Schult, Dan},
	title = {{NetworkX: a Python package for the creation, manipulation, and study of the structure, dynamics, and functions of complex networks}},
	howpublished = "\url{https://networkx.github.io}",
	version = {2.4 stable},
	date = {October 2019},
	note = "[Online; accessed 07-December-2019]"
}


